@article{2016arXiv160308155J,
	Adsnote = {Provided by the SAO/NASA Astrophysics Data System},
	Author = {{Johnson}, J. and {Alahi}, A. and {Fei-Fei}, L.},
	Journal = {ArXiv e-prints},
	Keywords = {Computer Science - Computer Vision and Pattern Recognition, Computer Science - Learning},
	Month = mar,
	Title = {{Perceptual Losses for Real-Time Style Transfer and Super-Resolution}},
	Year = 2016}

@article{nguyen2016plug,
	Author = {Nguyen, Anh and Yosinski, Jason and Bengio, Yoshua and Dosovitskiy, Alexey and Clune, Jeff},
	Journal = {arXiv preprint arXiv:1612.00005},
	Title = {Plug \& play generative networks: Conditional iterative generation of images in latent space},
	Year = {2016}}

@inproceedings{dosovitskiy2016generating,
	Author = {Dosovitskiy, Alexey and Brox, Thomas},
	Booktitle = {Advances in Neural Information Processing Systems},
	Pages = {658--666},
	Title = {Generating images with perceptual similarity metrics based on deep networks},
	Year = {2016}}

@inproceedings{gatys2016image,
	Author = {Gatys, Leon A and Ecker, Alexander S and Bethge, Matthias},
	Booktitle = {Computer Vision and Pattern Recognition (CVPR), 2016 IEEE Conference on},
	Organization = {IEEE},
	Pages = {2414--2423},
	Title = {Image style transfer using convolutional neural networks},
	Year = {2016}}

@article{2015arXiv150806576G,
	Author = {{Gatys}, L.~A. and {Ecker}, A.~S. and {Bethge}, M.},
	Journal = {arXiv preprint arXiv:1508.06576},
	Title = {A Neural Algorithm of Artistic Style},
	Year = {2015}}

@inproceedings{efros2001image,
	Author = {Efros, Alexei A and Freeman, William T},
	Booktitle = {Proceedings of the 28th annual conference on Computer graphics and interactive techniques},
	Organization = {ACM},
	Pages = {341--346},
	Title = {Image quilting for texture synthesis and transfer},
	Year = {2001}}

@article{kim2017learning,
	Author = {Kim, Taeksoo and Cha, Moonsu and Kim, Hyunsoo and Lee, Jungkwon and Kim, Jiwon},
	Journal = {arXiv preprint arXiv:1703.05192},
	Title = {Learning to discover cross-domain relations with generative adversarial networks},
	Year = {2017}}

@misc{chollet2015keras,
	Author = {Chollet, Fran\c{c}ois and others},
	Howpublished = {\url{https://github.com/keras-team/keras}},
	Publisher = {GitHub},
	Title = {{K}eras},
	Year = {2015}}

@misc{kauten2018neuralstylization,
	Author = {Christian Kauten and Behnam Rasoolian},
	Howpublished = {\url{https://github.com/Kautenja/neural-stylization}},
	Publisher = {GitHub},
	Title = {neural-stylization},
	Year = {2018}}

@inproceedings{camo-nn,
	Adsnote = {Provided by the SAO/NASA Astrophysics Data System},
	Adsurl = {http://adsabs.harvard.edu/abs/2011SPIE.8193E..2NZ},
	Author = {{Zhang}, X.-f. and {Gao}, Y.-b.},
	Booktitle = {International Symposium on Photoelectronic Detection and Imaging 2011: Advances in Infrared Imaging and Applications},
	Doi = {10.1117/12.900494},
	Eid = {81932N},
	Month = aug,
	Pages = {81932N},
	Title = {{Based on momentum method BP neural network in the target recognition research and application}},
	Volume = 8193,
	Year = 2011,
	Bdsk-Url-1 = {https://dx.doi.org/10.1117/12.900494}}

@article{2017arXiv170104928J,
	Adsnote = {Provided by the SAO/NASA Astrophysics Data System},
	Adsurl = {http://adsabs.harvard.edu/abs/2017arXiv170104928J},
	Archiveprefix = {arXiv},
	Author = {{Joshi}, B. and {Stewart}, K. and {Shapiro}, D.},
	Eprint = {1701.04928},
	Journal = {ArXiv e-prints},
	Keywords = {Computer Science - Computer Vision and Pattern Recognition, I.3.3, I.4.0},
	Month = jan,
	Primaryclass = {cs.CV},
	Title = {{Bringing Impressionism to Life with Neural Style Transfer in Come Swim}},
	Year = 2017}

@misc{mgmt,
	Author = {{MGMT}},
	Howpublished = {\url{https://www.youtube.com/watch?time_continue=11&v=tmozGmGoJuw}},
	Publisher = {YouTube},
	Title = {{W}hen {Y}ou {D}ie},
	Year = {2017}}

@misc{deep-dream,
	Author = {Alexander Mordvintsev and Christopher Olah and Mike Tyka},
	Howpublished = {\url{https://research.googleblog.com/2015/06/inceptionism-going-deeper-into-neural.html}},
	Publisher = {Google Research Blog},
	Title = {Inceptionism: Going Deeper into Neural Networks},
	Year = {2015}}

@misc{alexnet-transfer,
	Author = {Chris Ying},
	Howpublished = {\url{https://github.com/chrisying/style-transfer}},
	Publisher = {GitHub},
	Title = {Style Transfer using {A}lex{N}et},
	Year = {2017}}

@article{2016arXiv160408610R,
	Adsnote = {Provided by the SAO/NASA Astrophysics Data System},
	Adsurl = {http://adsabs.harvard.edu/abs/2016arXiv160408610R},
	Archiveprefix = {arXiv},
	Author = {{Ruder}, M. and {Dosovitskiy}, A. and {Brox}, T.},
	Eprint = {1604.08610},
	Journal = {ArXiv e-prints},
	Keywords = {Computer Science - Computer Vision and Pattern Recognition},
	Month = apr,
	Primaryclass = {cs.CV},
	Title = {{Artistic style transfer for videos}},
	Year = 2016}
