%% This BibTeX bibliography file was created using BibDesk.
%% http://bibdesk.sourceforge.net/

%% Created for James Kauten at 2018-02-22 16:16:22 -0600 


%% Saved with string encoding Unicode (UTF-8) 



@article{2016arXiv160308155J,
	Adsnote = {Provided by the SAO/NASA Astrophysics Data System},
	Author = {{Johnson}, J. and {Alahi}, A. and {Fei-Fei}, L.},
	Date-Added = {2018-02-22 22:16:09 +0000},
	Date-Modified = {2018-02-22 22:16:22 +0000},
	Journal = {ArXiv e-prints},
	Keywords = {Computer Science - Computer Vision and Pattern Recognition, Computer Science - Learning},
	Month = mar,
	Title = {{Perceptual Losses for Real-Time Style Transfer and Super-Resolution}},
	Year = 2016}
