
@article{preserving-color-in-neural-style-transfer,
	Adsnote = {Provided by the SAO/NASA Astrophysics Data System},
	Adsurl = {http://adsabs.harvard.edu/abs/2016arXiv160605897G},
	Archiveprefix = {arXiv},
	Author = {{Gatys}, L.~A. and {Bethge}, M. and {Hertzmann}, A. and {Shechtman}, E.},
	Eprint = {1606.05897},
	Journal = {ArXiv e-prints},
	Keywords = {Computer Science - Computer Vision and Pattern Recognition},
	Month = jun,
	Primaryclass = {cs.CV},
	Title = {{Preserving Color in Neural Artistic Style Transfer}},
	Year = 2016}
